@Book{knuth:84,
  author = 	 {Donald E. Knuth},
  title = 	 {The {\TeX} Book},
  publisher = 	 {Addison-Wesley},
  year = 	 {1984},
  edition = 	 {15th}
}

@InCollection{boulic:91,
  author = 	 {R. Boulic and O. Renault},
  title = 	 {3D Hierarchies for Animation},
  booktitle = 	 {New Trends in Animation and Visualization},
  publisher =    {John Wiley {\&} Sons ltd.},
  year = 	 {1991},
  editor = 	 {Nadia Magnenat-Thalmann and Daniel Thalmann}
}

@InCollection{smith:99,
  author = 	 {A. Smith and B. Jones},
  title = 	 {On the Complexity of Computing},
  booktitle = 	 {Advances in Computer Science},
  pages = 	 {555--566},
  publisher =    {Publishing Press},
  year = 	 {1999},
  editor = 	 {A. B. Smith-Jones}
}

 @misc{ systemverilog,
   author = {Wikipedia},
   title = {SystemVerilog --- Wikipedia{,} The Free Encyclopedia},
   howpublished = {\url{https://en.wikipedia.org/w/index.php?title=SystemVerilog&oldid=728456019}},
   year = {2016},
   note = {[Online; accessed 23-August-2016]}
 }
 
 @misc{ logicgatesim,
 	author = {Academo},
 	title = {Logic Gate Simulator},
 	howpublished = {\url{https://academo.org/demos/logic-gate-simulator/
 	}},
 	year = {2016},
 	note = {[Online; accessed 01-September-2016]}
 }
 
 @misc{ quartus,
 	author = {QuartusII},
 	title = {Altera Quartus II},
 	howpublished = {},
 	year = {},
 	note = {Software}
 }
 
 @article{ac,
 	title={Compara{\c{c}}{\~a}o Entre Sistemas de Banco de Dados NoSQL com Modelos Chave-valor e Orientado a Documentos em Opera{\c{c}}{\~o}es Sobre Arquivos de Gen{\'o}tipos},
 	author={Schettino, Vin{\'\i}cius Junqueira and Silva, Leojayme Rodrigues Manso and Arbex, Wagner},
 	journal={Relat{\'o}rios T{\'e}cnicos do DCC/UFJF},
 	year={2016}
 }
 
